@article{psych,
 ISSN = {00030678, 10806490},
 URL = {http://www.jstor.org/stable/2710328},
 author = {John Chynoweth Burnham},
 journal = {American Quarterly},
 number = {4},
 pages = {457-465},
 publisher = {Johns Hopkins University Press},
 title = {Psychiatry, Psychology and the Progressive Movement},
 volume = {12},
 year = {1960}
}

@article{strong,
 ISSN = {00096407, 17552613},
 URL = {http://www.jstor.org/stable/3164394},
 author = {Paul R. Meyer},
 journal = {Church History},
 number = {3},
 pages = {396-405},
 publisher = {[American Society of Church History, Cambridge University Press]},
 title = {The Fear of Cultural Decline: Josiah Strong's Thought about Reform and Expansion},
 volume = {42},
 year = {1973}
}

@book{mckinley,
  author = {Eric Rauchway},
  title = {Murdering McKinley: The Making of Theodore Roosevelt's America},
  publisher = {Hill and Wang},
  year = {2004},
  isbn = {0809016389}
}
