@BOOK
  {Scarlet,
   AUTHOR  = "Nathaniel Hawthorne",
   TITLE   = "{The Scarlet Letter}",
   PUBLISHER = "Tom Doherty Associates, LLC",
   YEAR = 1989,
   ADDRESS = {175 Fifth Avenue, New York, NY 10010},
   MONTH = 7,
   ISBN = {0812504836},
  }
