@BOOK
  {TTTC,
   AUTHOR  = "Tim O'Brian",
   TITLE   = "{The Things They Carried}",
   PUBLISHER = "Broadway Books",
   LOCATION = "New York",
   YEAR = 1998
  }
